
@article{Skorodumina:2016pnb,
      author         = "Skorodumina, Iu. A. and Burkert, V. D. and Golovach, E.
                        N. and Gothe, R. W. and Isupov, E. L. and Ishkhanov, B. S.
                        and Mokeev, V. I. and Fedotov, G. V.",
      title          = "{Nucleon resonances in exclusive reactions of photo- and
                        electroproduction of mesons}",
      journal        = "Moscow Univ. Phys. Bull.",
      volume         = "70",
      year           = "2015",
      number         = "6",
      pages          = "429-447",
      doi            = "10.3103/S002713491506017X",
      note           = "[Vestn. Mosk. Univ.,no.6,3(2015)]",
      SLACcitation   = "%%CITATION = MUPBA,70,429;%%"

@article{Ripani:2002ss,
      author         = "Ripani, M. and others",
      title          = "{Measurement of $e p \rightarrow e' p \pi^+ \pi^-$ and baryon
                        resonance analysis}",
      collaboration  = "CLAS",
      journal        = "Phys. Rev. Lett.",
      volume         = "91",
      year           = "2003",
      pages          = "022002",
      doi            = "10.1103/PhysRevLett.91.022002",
      eprint         = "hep-ex/0210054",
      archivePrefix  = "arXiv",
      primaryClass   = "hep-ex",
      reportNumber   = "JLAB-PHY-02-138",
      SLACcitation   = "%%CITATION = HEP-EX/0210054;%%"
}% Ripani, data



@article{Fedotov:2008aa,
      author         = "Fedotov, G. V. and others",
      title          = "{Electroproduction of $p\pi^+\pi^-$ off protons at $0.2 < Q^2
                        < 0.6$~GeV$^2$ and $1.3 < W < 1.57$~GeV with CLAS}",
      collaboration  = "CLAS",
      journal        = "Phys. Rev.",
      volume         = "C79",
      year           = "2009",
      pages          = "015204",
      doi            = "10.1103/PhysRevC.79.015204",
      eprint         = "0809.1562",
      archivePrefix  = "arXiv",
      primaryClass   = "nucl-ex",
      reportNumber   = "JLAB-PHY-08-871",
      SLACcitation   = "%%CITATION = ARXIV:0809.1562;%%"
}% Fedotov, data

@article{Wu:2005wf,
      author         = "Wu, C. and others",
      title          = "{Photoproduction of $\rho^0$ mesons and $\Delta$-baryons in the
                        reaction $\gamma p \rightarrow p \pi^+ \pi^-$ at energies up to $s^{1/2}
                        = 2.6$~GeV}",
      journal        = "Eur. Phys. J.",
      volume         = "A23",
      year           = "2005",
      pages          = "317-344",
      doi            = "10.1140/epja/i2004-10093-9",
      SLACcitation   = "%%CITATION = EPHJA,A23,317;%%"
}

@article{ABBHHM:1968aa,
      title          = "{Photoproduction of Meson and Baryon Resonances at
                        Energies up to 5.8 GEV}",
      collaboration  = "Aachen-Berlin-Bonn-Hamburg-Heidelberg-Munich",
      journal        = "Phys. Rev.",
      volume         = "175",
      year           = "1968",
      pages          = "1669-1696",
      doi            = "10.1103/PhysRev.175.1669",
      reportNumber   = "DESY-68-8",
      SLACcitation   = "%%CITATION = PHRVA,175,1669;%%"
}



@article{Mokeev:2008iw,
      author         = "Mokeev, Viktor I. and Burkert, Volker D. and Lee,
                        Tsung-Shung H. and Elouadrhiri, Latifa and Fedotov, Gleb
                        V. and Ishkhanov, Boris S.",
      title          = "{Model Analysis of the $p \pi^+ \pi^-$ Electroproduction
                        Reaction on the Proton}",
      journal        = "Phys. Rev.",
      volume         = "C80",
      year           = "2009",
      pages          = "045212",
      doi            = "10.1103/PhysRevC.80.045212",
      eprint         = "0809.4158",
      archivePrefix  = "arXiv",
      primaryClass   = "hep-ph",
      reportNumber   = "JLAB-PHY-08-882",
      SLACcitation   = "%%CITATION = ARXIV:0809.4158;%%"
}% Fed model an 2009


@article{Mokeev:2012vsa,
      author         = "Mokeev, V. I. and others",
      title          = "{Experimental Study of the $P_{11}(1440)$ and
                        $D_{13}(1520)$ resonances from CLAS data on $ep
                        \rightarrow e'\pi^{+} \pi^{-} p'$}",
      collaboration  = "CLAS",
      journal        = "Phys. Rev.",
      volume         = "C86",
      year           = "2012",
      pages          = "035203",
      doi            = "10.1103/PhysRevC.86.035203",
      eprint         = "1205.3948",
      archivePrefix  = "arXiv",
      primaryClass   = "nucl-ex",
      reportNumber   = "JLAB-PHY-12-1530",
      SLACcitation   = "%%CITATION = ARXIV:1205.3948;%%"
}%Fed mod an 2012

@article{Mokeev:2015lda,
      author         = "Mokeev, V. I. and others",
      title          = "{New Results from the Studies of the $N(1440)1/2^+$,
                        $N(1520)3/2^-$, and $\Delta(1620)1/2^-$ Resonances in
                        Exclusive $ep \to e'p' \pi^+ \pi^-$ Electroproduction with
                        the CLAS Detector}",
      journal        = "Phys. Rev.",
      volume         = "C93",
      year           = "2016",
      number         = "2",
      pages          = "025206",
      doi            = "10.1103/PhysRevC.93.025206",
      eprint         = "1509.05460",
      archivePrefix  = "arXiv",
      primaryClass   = "nucl-ex",
      reportNumber   = "JLAB-PHY-15-2137",
      SLACcitation   = "%%CITATION = ARXIV:1509.05460;%%"
}%Rip mod an new 2016

@book{Golovach:note,     
 author         = "E. Golovach",
title          = "\href{https://www.jlab.org/Hall-B/shifts/index.php?display=admin&task=paper_review&rid=3551205&operation=view}{Cross section of the reaction $\gamma p \to p \pi^+ \pi^-$ from G11A run period data.}",
publisher         = "https://www.jlab.org/Hall-B/shifts/index.php?display=admin$\&$task=paper\_review$\&$rid=3551205$\&$operation=view",
address = "CLAS ANALYSIS NOTE"

}


@book{Byckling:1971vca,
      author         = "Byckling, Eero and Kajantie, K.",
      title          = "{Particle Kinematics}",
      publisher      = "University of Jyvaskyla",
      address        = "Jyvaskyla, Finland",
      year           = "1971",
      url            = "http://www-spires.fnal.gov/spires/find/books/www?cl=QC794.6.K5B99",
      SLACcitation   = "%%CITATION = INSPIRE-1251349;%%"
}


@article{Laforge:1996ts,
      author         = "Laforge, B. and Schoeffel, L.",
      title          = "{Elements of statistical methods in high-energy physics
                        analyses}",
      journal        = "Nucl. Instrum. Meth.",
      volume         = "A394",
      year           = "1997",
      pages          = "115-120",
      doi            = "10.1016/S0168-9002(97)00649-9",
      reportNumber   = "DAPNIA-SPP-96-27",
      SLACcitation   = "%%CITATION = NUIMA,A394,115;%%"
}

@article{Mo:1968cg,
      author         = "Mo, Luke W. and Tsai, Yung-Su",
      title          = "{Radiative Corrections to Elastic and Inelastic $e p$ and
                        $\mu p$ Scattering}",
      journal        = "Rev.Mod.Phys.",
      volume         = "41",
      pages          = "205-235",
      doi            = "10.1103/RevModPhys.41.205",
      year           = "1969",
      reportNumber   = "SLAC-PUB-0380",
      SLACcitation   = "%%CITATION = RMPHA,41,205;%%",
}


@inproceedings{Mokeev:2005re,
      author         = "Mokeev, V. I. and Burkert, V. D. and Elouadrhiri, L. and
                        Boluchevsky, A. A. and Fedotov, G. V. and Isupov, E. L.
                        and Ishkhanov, B. S. and Shvedunov, N. V.",
      title          = "{Phenomenological analysis of the clas data on double
                        charged pion photo and electro-production}",
      booktitle      = "{Proceedings, 5th International Workshop on Physics of
                        excited nucleons (NSTAR 2005): Tallahassee, USA, October
                        12-15, 2005}",
      url            = "http://www1.jlab.org/Ul/publications/view_pub.cfm?pub_id=6442",
      year           = "2005",
      pages          = "47-56",
      eprint         = "hep-ph/0512164",
      archivePrefix  = "arXiv",
      primaryClass   = "hep-ph",
      reportNumber   = "JLAB-PHY-06-2",
      SLACcitation   = "%%CITATION = HEP-PH/0512164;%%"
}%mokeev, old model, https://arxiv.org/pdf/hep-ph/0512164.pdf


@article{Aznauryan:2005tp,
      author         = "Aznauryan, I. G. and Burkert, V. D. and Fedotov, G. V.
                        and Ishkhanov, B. S. and Mokeev, V. I.",
      title          = "{Electroexcitation of nucleon resonances at $Q^2 = 0.65$~(GeV/c)$^2$ from a combined analysis of single- and
                        double-pion electroproduction data}",
      journal        = "Phys. Rev.",
      volume         = "C72",
      year           = "2005",
      pages          = "045201",
      doi            = "10.1103/PhysRevC.72.045201",
      eprint         = "hep-ph/0508057",
      archivePrefix  = "arXiv",
      primaryClass   = "hep-ph",
      reportNumber   = "JLAB-PHY-05-392",
      SLACcitation   = "%%CITATION = HEP-PH/0508057;%%"
}% mokeev, old model, https://arxiv.org/pdf/hep-ph/0508057.pdf


@article{Ripani:2000va,
      author         = "Ripani, M. and others",
      title          = "{A Phenomenological description of $\pi^- \Delta^{++}$
                        photoproduction and electroproduction in nucleon resonance
                        region}",
      journal        = "Nucl. Phys.",
      volume         = "A672",
      year           = "2000",
      pages          = "220-248",
      doi            = "10.1016/S0375-9474(99)00853-2",
      eprint         = "hep-ph/0001265",
      archivePrefix  = "arXiv",
      primaryClass   = "hep-ph",
      SLACcitation   = "%%CITATION = HEP-PH/0001265;%%"
}% mokeev, old model, https://arxiv.org/pdf/hep-ph/0001265.pdf



@book{PAC44:Hybrid,     
 author         = "Volker Burkert and others",
title          = "\href{https://www.jlab.org/exp_prog/proposals/16/PR12-16-010.pdf}{A Search for Hybrid Baryons in Hall B with CLAS12.}",
publisher         = " https://www.jlab.org/exp\_prog/proposals/16/PR12-16-010.pdf",
address = "Proposal approved by PAC44"
}

@book{PAC34:twopi,     
 author         = "Volker Burkert and others",
title          = "\href{https://www.jlab.org/exp_prog/proposals/09/PR12-09-003.pdf}{Nucleon Resonance Studies with CLAS12.}",
publisher         = "https://www.jlab.org/exp\_prog/proposals/09/PR12-09-003.pdf",
address = "Proposal approved by PAC34"
}

@book{Fedotov:note,     
 author         = "G. Fedotov and others",
title          = "\href{https://www.jlab.org/Hall-B/shifts/admin/paper_reviews/2016/analysis_e1e-5973092-2016-12-06-v6.pdf}{Analysis report on the $e p \rightarrow e' p' \pi^{+} \pi^{-}$ reaction in the CLAS
detector with a 2.039 GeV beam for 0.4 GeV$^2$ $< Q^2 <$ 1.0 GeV$^2$
and 1.3 GeV $< W <$ 1.825 GeV.}",
publisher         = "https://www.jlab.org/Hall-B/shifts/admin/paper\_reviews/2016/analysis\_e1e-5973092-2016-12-06-v6.pdf",
address = "CLAS ANALYSIS NOTE"
}

@book{Skorodum:note,     
 author         = "Iu. Skorodumina and others",
title          = "\href{https://clasweb.jlab.org/wiki/index.php/User:Skorodum}{Investigation of Exclusive $\pi^+ \pi^-$ Electroproduction off the Proton Bound in the Deuteron in the Resonance Region with CLAS.}",
publisher         = "https://clasweb.jlab.org/wiki/index.php/User:Skorodum",
address = "CLAS ANALYSIS NOTE under preparation"
}

